@misc{_run_root_ssh,
	title = {Run {Root} {Over} {Ssh} {Through} {Putty}},
	url = {http://www.physino.xyz/learning/2016/09/06/run-ROOT-over-SSH-through-PuTTY/},
	urldate = {2016-09-08},
	file = {Run Root Over Ssh Through Putty:C\:\\Users\\Charlie\\AppData\\Roaming\\Zotero\\Zotero\\Profiles\\zn6eiveb.default\\zotero\\storage\\7UM9NQ7P\\run-ROOT-over-SSH-through-PuTTY.html:text/html}
}

@misc{_terminal_based_txt,
	title = {Terminal {Based} {Text} {Editors}},
	url = {http://www.physino.xyz/learning/2016/09/01/terminal-based-text-editors/},
	urldate = {2016-09-08},
	file = {Terminal Based Text Editors:C\:\\Users\\Charlie\\AppData\\Roaming\\Zotero\\Zotero\\Profiles\\zn6eiveb.default\\zotero\\storage\\JDFZIS47\\terminal-based-text-editors.html:text/html}
}